<?xml version="1.0" encoding="UTF-8"?><collection xmlns="http://www.loc.gov/MARC21/slim"><record><leader>00418nam--2200157-i-4500</leader><controlfield tag="001">000044652</controlfield><controlfield tag="002">20161230</controlfield><controlfield tag="005">20170122221944</controlfield><controlfield tag="008">060222s1000------------r-----000-0-eng-d</controlfield><datafield ind1=" " ind2=" " tag="100"><subfield code="a">Thirring, Hans</subfield></datafield><datafield ind1=" " ind2=" " tag="245"><subfield code="a">Atomphysik in gemeinverstandlicherdarstellung</subfield></datafield><datafield ind1=" " ind2=" " tag="250"><subfield code="a">2-te erganzte auflage</subfield></datafield><datafield ind1=" " ind2=" " tag="260"><subfield code="a">Wien</subfield><subfield code="b">Fr.Deuticke</subfield><subfield code="c">1954</subfield></datafield><datafield ind1=" " ind2=" " tag="300"><subfield code="a">IV+107 p.Cu Fig.+1 Pl</subfield></datafield><datafield ind1=" " ind2=" " tag="852"><subfield code="a">12020</subfield></datafield><datafield ind1=" " ind2=" " tag="CAT"><subfield code="a">SYS</subfield><subfield code="c">20170122</subfield><subfield code="h">221944</subfield></datafield></record></collection>